@article{goodman2008rational,
  title={A Rational Analysis of Rule-Based Concept Learning},
  author={Goodman, Noah D and Tenenbaum, Joshua B and Feldman, Jacob and Griffiths, Thomas L},
  journal={Cognitive Science},
  volume={32},
  number={1},
  pages={108--154},
  year={2008},
  publisher={Wiley Online Library}
}

@article{mansinghka2014venture,
  title={Venture: a higher-order probabilistic programming platform with programmable inference},
  author={Mansinghka, Vikash and Selsam, Daniel and Perov, Yura},
  journal={arXiv preprint arXiv:1404.0099},
  year={2014}
}

@phdthesis{mansinghka2009natively,
  title={Natively probabilistic computation},
  author={Mansinghka, Vikash Kumar},
  year={2009},
  school={Massachusetts Institute of Technology}
}

@inproceedings{salakhutdinov2008bayesian,
  title={Bayesian probabilistic matrix factorization using Markov chain Monte Carlo},
  author={Salakhutdinov, Ruslan and Mnih, Andriy},
  booktitle={Proceedings of the 25th international conference on Machine learning},
  pages={880--887},
  year={2008},
  organization={ACM}
}

@inproceedings{roy2008stochastic,
  title={A stochastic programming perspective on nonparametric Bayes},
  author={Roy, DM and Mansinghka, VK and Goodman, ND and Tenenbaum, JB},
  booktitle={Nonparametric Bayesian Workshop, Int. Conf. on Machine Learning},
  volume={22},
  pages={26},
  year={2008}
}

@article{johnson1998pcfg,
  title={PCFG models of linguistic tree representations},
  author={Johnson, Mark},
  journal={Computational Linguistics},
  volume={24},
  number={4},
  pages={613--632},
  year={1998},
  publisher={MIT Press}
}

@article{michie1968memo,
  title={Memo functions and machine learning},
  author={Michie, Donald},
  journal={Nature},
  volume={218},
  number={5136},
  pages={19--22},
  year={1968}
}

@article{goodman2012church,
  title={Church: a language for generative models},
  author={Goodman, Noah and Mansinghka, Vikash and Roy, Daniel and Bonawitz, Keith and Tarlow, Daniel},
  journal={arXiv preprint arXiv:1206.3255},
  year={2012}
}

@article{ishwaran2001gibbs,
  title={Gibbs sampling methods for stick-breaking priors},
  author={Ishwaran, Hemant and James, Lancelot F},
  journal={Journal of the American Statistical Association},
  volume={96},
  number={453},
  year={2001}
}

@inproceedings{rasmussen1999infinite,
  title={The infinite Gaussian mixture model.},
  author={Rasmussen, Carl Edward},
  booktitle={NIPS},
  volume={12},
  pages={554--560},
  year={1999}
}

@article{wood2008nonparametric,
  title={A nonparametric Bayesian alternative to spike sorting},
  author={Wood, Frank and Black, Michael J},
  journal={Journal of neuroscience methods},
  volume={173},
  number={1},
  pages={1--12},
  year={2008},
  publisher={Elsevier}
}

@incollection{teh2010dirichlet,
  title={Dirichlet process},
  author={Teh, Yee Whye},
  booktitle={Encyclopedia of machine learning},
  pages={280--287},
  year={2010},
  publisher={Springer}
}

@incollection{orbanz2010bayesian,
  title={Bayesian nonparametric models},
  author={Orbanz, Peter and Teh, Yee Whye},
  booktitle={Encyclopedia of Machine Learning},
  pages={81--89},
  year={2010},
  publisher={Springer}
}

@article{teh2007dirichlet,
  title={Dirichlet processes: Tutorial and practical course},
  author={Teh, Yee Whye},
  journal={Machine Learning Summer School},
  year={2007}
}

@book{knuth1969,
 author={Knuth, Donald E.},
 title={The Art of Computer Programming, Volume 2: Seminumerical Algorithms},
 year={1969},
 publisher={Addison-Wesley},
} 
@inproceedings{Wood-AISTATS-2014,
    Author = {F. Wood and J. W. van de Meent and V. Mansinghka},
    Booktitle = {AISTATS},
    Title = {A New Approach to Probabilistic Programming Inference},
    Year = {2014}
}
@inproceedings{Paige-ICML-2014,
  title={A Compilation Target for Probabilistic Programming Languages},
  author={Paige, Brooks and Wood, Frank},
  Booktitle = {ICML},
  year={2014}
}

@inproceedings{teh2004sharing,
  title={Sharing Clusters among Related Groups: Hierarchical Dirichlet Processes.},
  author={Teh, Yee Whye and Jordan, Michael I and Beal, Matthew J and Blei, David M},
  booktitle={NIPS},
  year={2004}
}
