%o% This BibTeX bibliography file was created using BibDesk.
%% http://bibdesk.sourceforge.net/


%% Created for Frank Wood at 2010-04-20 16:41:43 -0400 


%% Saved with string encoding Unicode (UTF-8) 

@inproceedings{Wood-AISTATS-2014,
	Author = {F. Wood and J. W. van de Meent and V. Mansinghka},
        booktitle={Proceedings of the 17th International conference on Artificial Intelligence and Statistics},
	Title = {A New Approach to Probabilistic Programming Inference},
	Year = {2014}}

@article{tolpin_arxiv_1501_05677,
	author = {Tolpin, David and van de Meent, Jan-Willem
		and Paige, Brooks Wood, Frank},
	journal = {ArXiv e-prints (accepted at ECML PKDD
			2015)},
	archivePrefix = {arXiv},
	arxivId = {1501.05677},
	eprint = {1501.05677},
	title = {{Output-Sensitive Adaptive
		Metropolis-Hastings for Probabilistic
			Programs}},
	year = {2015}
}

@inproceedings{Tolpin-SOCS-2015,
	Author={Tolpin, David and Wood, Frank},
	booktitle={Proceedings of the Eighth Annual Symposium on
		Combinatorial Search},
	Title = {Maximum a Posteriori Estimation by Search in
		Probabilistic Programs},
	year = {2015},
	pages = {201--205},
} 

@inproceedings{DBLP:conf/aistats/MeentYMW15,
	author    = {Jan{-}Willem van de Meent and
		Hongseok Yang and
			Vikash Mansinghka
			and
			Frank
			Wood},
	title     = {Particle Gibbs with Ancestor Sampling for
		Probabilistic Programs},
	booktitle = {Proceedings of the Eighteenth
		International Conference on Artificial
			Intelligence and Statistics,
		{AISTATS} 2015, San Diego, California,
		USA, May 9-12, 2015},
	year      = {2015},
	crossref  = {DBLP:conf/aistats/2015},
	url       =
	{http://jmlr.org/proceedings/papers/v38/vandemeent15.html},
	timestamp = {Thu, 07 May 2015 20:10:44 +0200},
	biburl    =
	{http://dblp.uni-trier.de/rec/bib/conf/aistats/MeentYMW15},
	bibsource = {dblp computer science
		bibliography, http://dblp.org}
}


@inproceedings{Paige-ICML-2014,
  title={A Compilation Target for Probabilistic Programming Languages},
  author={Paige, Brooks and Wood, Frank},
  Booktitle = {ICML},
  year={2014}
}
