

@inproceedings{Wood-AISTATS-2014,
	Author = {F. Wood and J. W. van de Meent and V. Mansinghka},
      booktitle={Proceedings of the 17th International conference on Artificial Intelligence and Statistics},
	Title = {A New Approach to Probabilistic Programming Inference},
	Year = {2014}}

@article{paige2014compilation,
  title={A Compilation Target for Probabilistic Programming Languages},
  author={Paige, Brooks and Wood, Frank},
  journal={arXiv preprint arXiv:1403.0504},
  year={2014}
}

@inproceedings{wingate2011lightweight,
  title={Lightweight implementations of probabilistic programming languages via transformational compilation},
  author={Wingate, David and Stuhlm{\"u}ller, Andreas and Goodman, Noah D},
  booktitle={International Conference on Artificial Intelligence and Statistics},
  pages={770--778},
  year={2011}
}

@article{mansinghka2014venture,
  title={Venture: a higher-order probabilistic programming platform with programmable inference},
  author={Mansinghka, Vikash and Selsam, Daniel and Perov, Yura},
  journal={arXiv preprint arXiv:1404.0099},
  year={2014}
}

