@book{murphy2012machine,
    title = "Machine Learning: A Probabilistic Perspective",
    author = "Murphy, K.P.",
    isbn = "9780262018029",
    lccn = "2012004558",
    series = "Adaptive computation and machine learning series",
    year = "2012",
    publisher = "Mit Press",
    keywords = "book.ml,ebook",
}
