@incollection{paige-nips-2014,
title = {Asynchronous Anytime Sequential Monte Carlo},
author = {Paige, Brooks and Wood, Frank and Doucet, Arnaud and Teh, Yee Whye},
booktitle = {Advances in Neural Information Processing Systems 27},
editor = {Z. Ghahramani and M. Welling and C. Cortes and N.D. Lawrence and K.Q. Weinberger},
pages = {3410--3418},
year = {2014},
publisher = {Curran Associates, Inc.},
}
