@inproceedings{paige-icml-2014,
  title={A Compilation Target for Probabilistic Programming Languages},
  author={Paige, Brooks and Wood, Frank},
  Booktitle = {Proceedings of The 31st International Conference on Machine Learning},
  pages= {1935â€“1943},
  year={2014}
}
