@inproceedings{Pfau-NIPS-2011,
        Author = {D. Pfau and N. Bartlett and F. Wood},
        Booktitle = {Advances in Neural Information Processing Systems},
        Title = {Probabilistic Deterministic Infinite Automata},
        Year = {2011},
	Pages = {1930--1938}}
@article{Doshi-Velez-TPAMI-2013,
author = {F. Doshi-Velez and D. Pfau and F. Wood and N. Roy},
title = {Bayesian Nonparametric Methods for Partially-Observable Reinforcement Learning},
journal ={IEEE Transactions on Pattern Analysis and Machine Intelligence},
volume = {99},
year = {2013},
pages = {1},
publisher = {IEEE Computer Society},
}
