@inproceedings{rainforth-nips-2016,
	title={{B}ayesian {O}ptimization for {P}robabilistic {P}rograms},
	author={Rainforth, Tom and Le, Tuan Anh and van de Meent, Jan-Willem and Osborne, Michael A and Wood, Frank},
	booktitle={Advances in Neural Information Processing Systems (NIPS)},
	year={2016},
	pages = {280--288}
}
