@inproceedings{rainforth2016interacting,
	  title = {Interacting Particle {M}arkov Chain {M}onte {C}arlo},
	    author = {Rainforth, T. and Naesseth, C.A. and Lindsten, F. and Paige, B. and van de Meent, J.W. and Doucet, A. and Wood, F.},
	      booktitle = {Proceedings of the 33rd International Conference on Machine Learning},
	        series = {JMLR},
		  volume = {48},
		    year = {2016}
}
