@inproceedings{tolpin-socs-2015,
	Author={Tolpin, David and Wood, Frank},
	booktitle={Proceedings of the Eighth Annual Symposium on
		Combinatorial Search},
	Title = {Maximum a Posteriori Estimation by Search in
		Probabilistic Programs},
	year = {2015},
	pages = {201--205},
} 
