@incollection{tolpin-ecml-2015,
	year={2015},
	isbn={978-3-319-23524-0},
	booktitle={Machine Learning and Knowledge Discovery in Databases},
	volume={9285},
	series={Lecture Notes in Computer Science},
	editor={Appice, Annalisa and Rodrigues, Pedro Pereira and Santos Costa, Vítor and Gama, João and Jorge, Alípio and Soares, Carlos},
	doi={10.1007/978-3-319-23525-7_19},
	title={Output-Sensitive Adaptive Metropolis-Hastings for Probabilistic Programs},
	url={http://dx.doi.org/10.1007/978-3-319-23525-7_19},
	publisher={Springer International Publishing},
	keywords={Probabilistic programming; Adaptive MCMC},
	author={Tolpin, David and van de Meent, Jan-Willem and Paige, Brooks and Wood, Frank},
	pages={311-326},
	language={English}
}
