@article{tolpin2016design,
	  title={Design and Implementation of Probabilistic Programming Language Anglican},
	    author={Tolpin, David and van de Meent, Jan Willem and Yang, Hongseok and Wood, Frank},
	      journal={arXiv preprint arXiv:1608.05263},
	        year={2016}
}
