@inproceedings{wood-aistats-2014,
	author = {Frank Wood and Jan Willem van de Meent and Vikash Mansinghka},
    booktitle={Proceedings of the 17th International conference on Artificial Intelligence and Statistics},
	title = {A New Approach to Probabilistic Programming Inference},
	pages = {1024-1032},
	year = {2014}
}
