@article{wood-aistats-2014b,
   author = {{Wood}, Frank and {van de Meent}, Jan Willem and {Mansinghka}, Vikash},
    title = "{A New Approach to Probabilistic Programming Inference}",
  journal = {ArXiv e-prints},
archivePrefix = "arXiv",
   eprint = {1507.00996},
 primaryClass = "stat.ML",
 keywords = {Statistics - Machine Learning, Computer Science - Artificial Intelligence, Computer Science - Programming Languages},
     year = 2015,
    month = jul,
}
